<record xmlns="http://www.loc.gov/MARC21/slim" xmlns:xsi="http://www.w3.org/2001/XMLSchema-instance" xsi:schemaLocation="http://www.loc.gov/MARC21/slim http://www.loc.gov/standards/marcxml/schema/MARC21slim.xsd"><leader>01474nam a2200313   4500</leader><controlfield tag="001">001696991</controlfield><controlfield tag="003">NNU</controlfield><controlfield tag="006">m        d        </controlfield><controlfield tag="007">cr cn |||m|||a</controlfield><controlfield tag="008">150116q19501965ua      o     000 0 ara d</controlfield><datafield ind1=" " ind2=" " tag="040"><subfield code="a">NNU</subfield><subfield code="b">eng</subfield><subfield code="c">NNU</subfield></datafield><datafield ind1=" " ind2=" " tag="066"><subfield code="c">(3</subfield></datafield><datafield ind1=" " ind2=" " tag="090"><subfield code="a">PJ7571</subfield><subfield code="b">.K5</subfield></datafield><datafield ind1="1" ind2=" " tag="100"><subfield code="6">880-01</subfield><subfield code="a">Kh&#363;rsh&#299;d, F&#257;r&#363;q</subfield></datafield><datafield ind1="1" ind2="0" tag="245"><subfield code="6">880-02</subfield><subfield code="a">F&#299; al-riw&#257;yah al-&#699;Arab&#299;yah, &#699;a&#7779;r al-tajm&#299;&#699;</subfield><subfield code="h">[electronic resource] /</subfield><subfield code="c">F&#257;r&#363;q Kh&#363;rsh&#299;d.</subfield></datafield><datafield ind1=" " ind2=" " tag="260"><subfield code="6">880-03</subfield><subfield code="a">al-Iskandar&#299;yah :</subfield><subfield code="b">al-D&#257;r al-Mi&#7779;r&#299;yah lil-&#7788;ib&#257;&#699;ah wa-al-Nashr,</subfield><subfield code="c">[1965?]</subfield></datafield><datafield ind1=" " ind2=" " tag="300"><subfield code="a">online resource (216 p.)</subfield></datafield><datafield ind1=" " ind2=" " tag="500"><subfield code="a">Part of the Arabic Collections Online (ACO) project, contributed by New York Univeristy Libraries.</subfield></datafield><datafield ind1=" " ind2=" " tag="533"><subfield code="a">Electronic reproduction.</subfield><subfield code="b">New York, N.Y. :</subfield><subfield code="c">New York University,</subfield><subfield code="d">2015.</subfield><subfield code="5">NNU</subfield></datafield><datafield ind1=" " ind2="0" tag="650"><subfield code="a">Arabic fiction</subfield><subfield code="x">History and criticism.</subfield></datafield><datafield ind1="2" ind2=" " tag="710"><subfield code="a">New York University.</subfield><subfield code="b">Libraries.</subfield></datafield><datafield ind1="0" ind2=" " tag="730"><subfield code="a">Arabic Collections Online.</subfield></datafield><datafield ind1="0" ind2="8" tag="776"><subfield code="i">Print version:</subfield><subfield code="a">Kh&#363;rsh&#299;d, F&#257;r&#363;q 880-01</subfield><subfield code="t">F&#299; al-riw&#257;yah al-&#699;Arab&#299;yah, &#699;a&#7779;r al-tajm&#299;&#699;</subfield><subfield code="w">(NNU)001696991</subfield></datafield><datafield ind1="4" ind2="0" tag="856"><subfield code="u">http://hdl.handle.net/2333.1/n2z34wgj</subfield></datafield><datafield ind1="1" ind2=" " tag="880"><subfield code="6">100-01/</subfield><subfield code="a">&#1582;&#1608;&#1585;&#1588;&#1610;&#1583;&#1548; &#1601;&#1575;&#1585;&#1608;&#1602;.</subfield></datafield><datafield ind1="1" ind2="0" tag="880"><subfield code="6">245-02/</subfield><subfield code="a">&#1601;&#1610; &#1575;&#1604;&#1585;&#1608;&#1575;&#1610;&#1577; &#1575;&#1604;&#1593;&#1585;&#1576;&#1610;&#1577;&#1548; &#1593;&#1589;&#1585; &#1575;&#1604;&#1578;&#1581;&#1605;&#1610;&#1593; /</subfield><subfield code="b">&#1601;&#1575;&#1585;&#1608;&#1601; &#1582;&#1608;&#1585;&#1588;&#1610;&#1583;.</subfield></datafield><datafield ind1=" " ind2=" " tag="880"><subfield code="6">260-03/</subfield><subfield code="a">&#1575;&#1604;&#1575;&#1587;&#1603;&#1606;&#1583;&#1585;&#1610;&#1577; :</subfield><subfield code="b">&#1575;&#1604;&#1583;&#1575;&#1585; &#1575;&#1604;&#1605;&#1589;&#1585;&#1610;&#1577; &#1604;&#1604;&#1591;&#1576;&#1575;&#1593;&#1577; &#1608;&#1575;&#1604;&#1606;&#1588;&#1585;&#1548;</subfield><subfield code="c">[&#1633;&#1641;&#1638;&#1637;&#1567;]</subfield></datafield><datafield ind1=" " ind2=" " tag="959"><subfield code="a">NNU</subfield><subfield code="b">WEB</subfield><subfield code="c">GENI</subfield><subfield code="t">0</subfield><subfield code="m">Electronic access</subfield><subfield code="s">01</subfield></datafield><datafield ind1=" " ind2=" " tag="999"><subfield code="i">NNU_001696991</subfield><subfield code="o" /></datafield></record>